@Article{Biering:07,
  author = 	 {Bodil Biering and Lars Birkedal and Noah Torp-Smith},
  title = 	 {{BI}-Hyperdoctrines, Higher-order Separation Logic, and Abstraction},
  journal = 	 {ACM Transactions on Programming Languages and Systems},
  year = 	 {2007},
}
@article{Birkedal:10,
  author    = {Lars Birkedal and
               Kristian St{\o}vring and
               Jacob Thamsborg},
  title     = {The category-theoretic solution of recursive metric-space equations},
  journal   = {Theoretical Computer Science},
  year      = {2010},
}

@InProceedings{Birkedal:11,
  author = 	 {Lars Birkedal and Rasmus Ejlers M\o{}gelberg and Jan Schwinghammer and Kristian St\o{}vring},
  title = 	 {First steps in synthetic guarded domain theory: step-indexing in the topos of trees},
  booktitle =    {Logic in Computer Science},
  year = 	 {2011},
}

@InProceedings{Bizjak:17,
  author = 	 {Ale\v{s} Bizjak and Lars Birkedal},
  title = 	 {On Models of Higher-Order Separation Logic},
  booktitle = {Proceedings of MFPS2017},
  year = 	 2017,
}

@article{Brookes:07,
  author =       {Brookes, Stephen},
  title =        {A Semantics for Concurrent Separation Logic},
  journal =      {Theoretical Computer Science},
  year =         2007,
}

@article{Hoare:69,
 author = {Hoare, C. A. R.},
 title = {An Axiomatic Basis for Computer Programming},
 journal = {Communication of the ACM},
 year = {1969},
}

@inproceedings{Jung:15,
  author =       {Ralf Jung and David Swasey and Filip Sieczkowski and
                  Kasper Svendsen and Aaron Turon and Lars Birkedal
                  and Derek Dreyer},
  title =        {Iris: Monoids and Invariants as an Orthogonal Basis
                  for Concurrent Reasoning},
  booktitle =    {Principles of Programming Languages},
  year =         2015,
}

@inproceedings{Jung:16,
  author =       {Ralf Jung and Robbert Krebbers and Lars Birkedal and
                  Derek Dreyer},
  title =        {Higher-order ghost state},
  booktitle =    {International Conference on Functional Programming},
  year =         2016,
}

@article{Jung:17,
  title={Iris from the ground up: {A} modular foundation for higher-order concurrent separation logic},
  author={Jung, Ralf and
          Krebbers, Robbert and
          Jourdan, Jacques-Henri and
          Bizjak, Ale{\v{s}} and
          Birkedal, Lars and
          Dreyer, Derek},
  year={2017},
  note={Conditionally accepted to JFP, available online at \url{http://iris.org}}
}

@inproceedings{Krebbers:17,
  author =       {Robbert Krebbers and Ralf Jung and Ale\v{s} Bizjak
                  and Jacques{-}Henri Jourdan and Derek Dreyer and
                  Lars Birkedal},
  title =        {The Essence of Higher-Order Concurrent Separation
                  Logic},
  booktitle =    {European Symposium on Programming},
  year =         2017,
}

@inproceedings{Lawvere:70,
  author = {F.W. Lawvere},
  title = {Quantifiers and Sheaves},
  booktitle = {International Congress on Mathematics},
  year = {1970},
}

@inproceedings{Nakano:00,
  author =       {Nakano, Hiroshi},
  title =        {A Modality for Recursion},
  booktitle =    {Logic in Computer Science},
  year =         2000,
}

@article{OHearn:99,
  author = {Peter O'Hearn and David Pym},
  title = {The Logic of Bunched Implications},
  journal = {Bulletin Of Symbolic Logic},
  year = {1999},
}

@misc{OHearn:02,
  author =       {Peter O'Hearn},
  title =        {Notes on Separation Logic for Shared-variable
                  Concurrency},
  year =         2002,
  note =         {Unpublished Note}
}

@article{OHearn:07,
  author =       {OHearn, Peter W.},
  title =        {Resources, Concurrency, and Local Reasoning},
  journal =      {Theoretical Computer Science},
  year =         2007,
}

@inproceedings{Parkinson:10,
  author =       {Parkinson, Matthew},
  title =        {The Next 700 Separation Logics},
  booktitle =    {Verified Software: Theories, Tools, Experiments},
  year =         2010,
}

@misc{iris-coq,
  author = {{The Iris Team}},
  title = {{The Iris Formalization and Documentation}},
  year = {2017},
  howpublished = {\url{https://gitlab.mpi-sws.org/FP/iris-coq}},
}
